
%Kategorien     notwendige Felder                                       mögliche Felder

%article        author, title, journal, year	                        volume, number, pages, month, note
%book	        author oder editor, title, publisher, year	            volume oder number, series, address, edition, month, note, isbn
%booklet	    title	                                                author, howpublished, address, month, year, note
%conference	    author, title, booktitle, year	                        editor, volume oder number, series, pages, address, month, organization, publisher, note
%incollection	author, title, booktitle, publisher, year	            editor, volume oder number, series, type, chapter, pages, address, edition, month, note
%inproceedings	author, title, booktitle, year	                        editor, volume oder number, series, pages, address, month, organization, publisher, note
%manual	        title	                                                author, organization, address, edition, month, year, note
%mastersthesis	author, title, school, year	                            type, address, month, note
%thesis	        author, title, school, year	                            type, address, month, note
%misc		                                                            author, title, howpublished, month, year, note
%phdthesis	    author, title, school, year	                            type, address, month, note
%proceedings	title, year	                                            editor, volume oder number, series, address, month, organization, publisher, note
%techreport	    author, title, institution, year	                    type, number, address, month, note
%unpublished	author, title, note	                                    month, year

   
@BOOK{EMV,  
    AUTHOR = {Adolf J. Schwab and Wolfgang Kürner},
    TITLE = "Elektromagnetische Verträglichkeit",
    PUBLISHER = "Springer-Verlag",
    ADDRESS = "Berlin",
    YEAR = "2011",
    EDITION = "6",
    }    
    
@BOOK{EM_Schirmung,
    Author = {Hans A. Wolfsperger},
    Title = "Elektromagnetische Schirmung",
    Publisher = "Springer-Verlag",
    Address = "Berlin, Heidelberg",
    Year = "2008",
    Edition = "1",
    }
    
    
    
    
    
%----------Normen----------

@REPORT{VDE_0870,
    author = "{DIN 57870-1 VDE 0870-1}",
    title = "Elektromagnetische Beeinflussung",
    institution = {Verband der Elektrotechnik, Elektronik und Informationstechnik},
    keywords = {Norm},
    year = {1984},
    month = {7}
}

    
    
    
    
    
%----------Internet----------
    
@ONLINE{Spektrum.de_Feld,
  author = {Spektrum},
  title = {Lexikon der Physik - Feld},
  year = 1998,
  url = {https://www.spektrum.de/lexikon/physik/feld/4834},
  urldate = {2019-10-10},
  keywords = {Online}
}